<collection xmlns="http://www.loc.gov/MARC21/slim">
<record>
  <leader>03881nam0a2200661 i 450 </leader>
  <controlfield tag="001">IT\ICCU\CNCE\046972</controlfield>
  <controlfield tag="005">20060419000000.0</controlfield>
  <datafield tag="012" ind1=" " ind2=" ">
    <subfield code="a">itm- soci i.a: vnpf (3) 1508 (R)</subfield>
    <subfield code="2">fei</subfield>
  </datafield>
  <datafield tag="100" ind1=" " ind2=" ">
    <subfield code="a">19990208d1508        0itac0103    ba</subfield>
  </datafield>
  <datafield tag="101" ind1=" " ind2=" ">
    <subfield code="a">LAT</subfield>
  </datafield>
  <datafield tag="102" ind1=" " ind2=" ">
    <subfield code="a">IT</subfield>
  </datafield>
  <datafield tag="200" ind1="1" ind2=" ">
    <subfield code="a">Mesue cum expositione Mondini super canones vniuersales: ac etiam cum expositione Christophori de Honestis in antidotarium eiusdem. Additiones Petri Apponi. Additiones Francisci de Pedemontium. Antidotarium Nicolai: cum expositione Platearij. Tractatus quid pro quo. Tractatus de sinonimis. Libellus Bulcasis siue seruitoris. Compendium aromatariorum Saladini. Ioannes de Sancto Amando super antidotarium Nicolai</subfield>
  </datafield>
  <datafield tag="210" ind1=" " ind2=" ">
    <subfield code="e">Impressa Venetiis</subfield>
    <subfield code="h">1508 die XX. Octobris</subfield>
  </datafield>
  <datafield tag="215" ind1=" " ind2=" ">
    <subfield code="a">379, \1! c.</subfield>
    <subfield code="d">fol</subfield>
  </datafield>
  <datafield tag="620" ind1=" " ind2=" ">
    <subfield code="a">IT</subfield>
    <subfield code="d">Venezia</subfield>
  </datafield>
  <datafield tag="700" ind1=" " ind2="0">
    <subfield code="a">Mesue</subfield>
    <subfield code="c"> &lt;m. 1015&gt;</subfield>
    <subfield code="3">IT\ICCU\CNCA\029795</subfield>
  </datafield>
  <datafield tag="702" ind1=" " ind2="0">
    <subfield code="a">Albucasis</subfield>
    <subfield code="3">IT\ICCU\CNCA\000243</subfield>
  </datafield>
  <datafield tag="702" ind1=" " ind2="0">
    <subfield code="a">Mondino</subfield>
    <subfield code="c"> : dei#Liucci</subfield>
    <subfield code="3">IT\ICCU\CNCA\001094</subfield>
  </datafield>
  <datafield tag="702" ind1=" " ind2="0">
    <subfield code="a">Pietro</subfield>
    <subfield code="c"> : d&apos;#Abano</subfield>
    <subfield code="3">IT\ICCU\CNCA\004476</subfield>
  </datafield>
  <datafield tag="702" ind1=" " ind2="1">
    <subfield code="a">Ferro,</subfield>
    <subfield code="b">Saladino</subfield>
    <subfield code="3">IT\ICCU\CNCA\005355</subfield>
  </datafield>
  <datafield tag="702" ind1=" " ind2="1">
    <subfield code="a">Onesti,</subfield>
    <subfield code="b">Cristoforo</subfield>
    <subfield code="3">IT\ICCU\CNCA\012222</subfield>
  </datafield>
  <datafield tag="702" ind1=" " ind2="0">
    <subfield code="a">Francesco</subfield>
    <subfield code="c"> : di#Piedimonte</subfield>
    <subfield code="3">IT\ICCU\CNCA\012223</subfield>
  </datafield>
  <datafield tag="702" ind1=" " ind2="0">
    <subfield code="a"></subfield>
    <subfield code="c"> : da#Salerno</subfield>
    <subfield code="3">IT\ICCU\CNCA\012224</subfield>
  </datafield>
  <datafield tag="702" ind1=" " ind2="1">
    <subfield code="a">Platearius,</subfield>
    <subfield code="b">Matthaeus</subfield>
    <subfield code="3">IT\ICCU\CNCA\012225</subfield>
  </datafield>
  <datafield tag="702" ind1=" " ind2="0">
    <subfield code="a">Jean</subfield>
    <subfield code="c"> : de#Saint Amand</subfield>
    <subfield code="3">IT\ICCU\CNCA\012227</subfield>
  </datafield>
  <datafield tag="712" ind1="0" ind2="2">
    <subfield code="a">s.n.</subfield>
    <subfield code="3">IT\ICCU\CNCT\000002</subfield>
    <subfield code="4">650</subfield>
  </datafield>
  <datafield tag="790" ind1=" " ind2="0">
    <subfield code="a">Mesue</subfield>
    <subfield code="c"> &lt;il giovane&gt;</subfield>
    <subfield code="3">IT\ICCU\CNCA\029796</subfield>
    <subfield code="z">Mesue &lt;m. 1015&gt;</subfield>
  </datafield>
  <datafield tag="790" ind1=" " ind2="0">
    <subfield code="a">Abu al-Qasim Khalaf ibn &apos;Abbas al-Zahrawi</subfield>
    <subfield code="3">IT\ICCU\CNCA\012312</subfield>
    <subfield code="z">Albucasis</subfield>
  </datafield>
  <datafield tag="790" ind1=" " ind2="0">
    <subfield code="a">Abulcasis</subfield>
    <subfield code="3">IT\ICCU\CNCA\012321</subfield>
    <subfield code="z">Albucasis</subfield>
  </datafield>
  <datafield tag="790" ind1=" " ind2="0">
    <subfield code="a">Alsaharavius</subfield>
    <subfield code="3">IT\ICCU\CNCA\012322</subfield>
    <subfield code="z">Albucasis</subfield>
  </datafield>
  <datafield tag="790" ind1=" " ind2="1">
    <subfield code="a">al-Zahrawi,</subfield>
    <subfield code="b">Halaf ibn &apos;Abbas Abu al-Qasim</subfield>
    <subfield code="3">IT\ICCU\CNCA\026852</subfield>
    <subfield code="z">Albucasis</subfield>
  </datafield>
  <datafield tag="790" ind1=" " ind2="0">
    <subfield code="a">Mundinus</subfield>
    <subfield code="3">IT\ICCU\CNCA\014671</subfield>
    <subfield code="z">Mondino : dei#Liucci</subfield>
  </datafield>
  <datafield tag="790" ind1=" " ind2="0">
    <subfield code="a">Mundinus</subfield>
    <subfield code="c"> : de#Lentijs</subfield>
    <subfield code="3">IT\ICCU\CNCA\025882</subfield>
    <subfield code="z">Mondino : dei#Liucci</subfield>
  </datafield>
  <datafield tag="790" ind1=" " ind2="0">
    <subfield code="a">Petrus</subfield>
    <subfield code="c"> : Paduanensis</subfield>
    <subfield code="3">IT\ICCU\CNCA\004857</subfield>
    <subfield code="z">Pietro : d&apos;#Abano</subfield>
  </datafield>
  <datafield tag="790" ind1=" " ind2="1">
    <subfield code="a">Abano,</subfield>
    <subfield code="b">Pietro : d&apos;</subfield>
    <subfield code="3">IT\ICCU\CNCA\007521</subfield>
    <subfield code="z">Pietro : d&apos;#Abano</subfield>
  </datafield>
  <datafield tag="790" ind1=" " ind2="0">
    <subfield code="a">Petrus</subfield>
    <subfield code="c"> : Aponensis</subfield>
    <subfield code="3">IT\ICCU\CNCA\008767</subfield>
    <subfield code="z">Pietro : d&apos;#Abano</subfield>
  </datafield>
  <datafield tag="790" ind1=" " ind2="0">
    <subfield code="a">Petrus</subfield>
    <subfield code="c"> : de#Apono</subfield>
    <subfield code="3">IT\ICCU\CNCA\014800</subfield>
    <subfield code="z">Pietro : d&apos;#Abano</subfield>
  </datafield>
  <datafield tag="790" ind1=" " ind2="0">
    <subfield code="a">Petrus</subfield>
    <subfield code="c"> : de#Abano</subfield>
    <subfield code="3">IT\ICCU\CNCA\022641</subfield>
    <subfield code="z">Pietro : d&apos;#Abano</subfield>
  </datafield>
  <datafield tag="790" ind1=" " ind2="0">
    <subfield code="a">Petrus</subfield>
    <subfield code="c"> : Apponus</subfield>
    <subfield code="3">IT\ICCU\CNCA\022642</subfield>
    <subfield code="z">Pietro : d&apos;#Abano</subfield>
  </datafield>
  <datafield tag="790" ind1=" " ind2="0">
    <subfield code="a">Saladino</subfield>
    <subfield code="c"> : d&apos;Ascoli</subfield>
    <subfield code="3">IT\ICCU\CNCA\005356</subfield>
    <subfield code="z">Ferro, Saladino</subfield>
  </datafield>
  <datafield tag="790" ind1=" " ind2="1">
    <subfield code="a">Ascoli,</subfield>
    <subfield code="b">Saladino : da</subfield>
    <subfield code="3">IT\ICCU\CNCA\018930</subfield>
    <subfield code="z">Ferro, Saladino</subfield>
  </datafield>
  <datafield tag="790" ind1=" " ind2="1">
    <subfield code="a">Honestis,</subfield>
    <subfield code="b">Christophorus : de</subfield>
    <subfield code="3">IT\ICCU\CNCA\017099</subfield>
    <subfield code="z">Onesti, Cristoforo</subfield>
  </datafield>
  <datafield tag="790" ind1=" " ind2="1">
    <subfield code="a">Onesti,</subfield>
    <subfield code="b">Cristoforo Giorgio : degli</subfield>
    <subfield code="3">IT\ICCU\CNCA\022395</subfield>
    <subfield code="z">Onesti, Cristoforo</subfield>
  </datafield>
  <datafield tag="790" ind1=" " ind2="0">
    <subfield code="a">Christophorus</subfield>
    <subfield code="c"> : de#Honestis</subfield>
    <subfield code="3">IT\ICCU\CNCA\022396</subfield>
    <subfield code="z">Onesti, Cristoforo</subfield>
  </datafield>
  <datafield tag="790" ind1=" " ind2="0">
    <subfield code="a">Franciscus</subfield>
    <subfield code="c"> : de#Pedemontium</subfield>
    <subfield code="3">IT\ICCU\CNCA\022818</subfield>
    <subfield code="z">Francesco : di#Piedimonte</subfield>
  </datafield>
  <datafield tag="790" ind1=" " ind2="0">
    <subfield code="a">Nicolaus</subfield>
    <subfield code="c"> : Salernitanus</subfield>
    <subfield code="3">IT\ICCU\CNCA\018065</subfield>
    <subfield code="z">Niccol ̣: da#Salerno</subfield>
  </datafield>
  <datafield tag="790" ind1=" " ind2="0">
    <subfield code="a">Nicolaus</subfield>
    <subfield code="c"> : Praepositus</subfield>
    <subfield code="3">IT\ICCU\CNCA\022527</subfield>
    <subfield code="z">Niccol ̣: da#Salerno</subfield>
  </datafield>
  <datafield tag="790" ind1=" " ind2="1">
    <subfield code="a">Plateario,</subfield>
    <subfield code="b">Matteo</subfield>
    <subfield code="3">IT\ICCU\CNCA\023049</subfield>
    <subfield code="z">Platearius, Matthaeus</subfield>
  </datafield>
  <datafield tag="790" ind1=" " ind2="1">
    <subfield code="a">Saint-Amand,</subfield>
    <subfield code="b">Jean : de</subfield>
    <subfield code="3">IT\ICCU\CNCA\024054</subfield>
    <subfield code="z">Jean : de#Saint Amand</subfield>
  </datafield>
  <datafield tag="790" ind1=" " ind2="0">
    <subfield code="a">Ioannes</subfield>
    <subfield code="c"> : de#Sancto Amando</subfield>
    <subfield code="3">IT\ICCU\CNCA\024056</subfield>
    <subfield code="z">Jean : de#Saint Amand</subfield>
  </datafield>
  <datafield tag="790" ind1=" " ind2="1">
    <subfield code="a">Amand,</subfield>
    <subfield code="b">Jean : de Saint</subfield>
    <subfield code="3">IT\ICCU\CNCA\024058</subfield>
    <subfield code="z">Jean : de#Saint Amand</subfield>
  </datafield>
  <datafield tag="790" ind1=" " ind2="1">
    <subfield code="a">Amando,</subfield>
    <subfield code="b">Johannes : de Sancto</subfield>
    <subfield code="3">IT\ICCU\CNCA\024059</subfield>
    <subfield code="z">Jean : de#Saint Amand</subfield>
  </datafield>
  <datafield tag="801" ind1=" " ind2="3">
    <subfield code="a">IT</subfield>
    <subfield code="b">ICCU</subfield>
    <subfield code="c">20201115</subfield>
  </datafield>
  <datafield tag="899" ind1=" " ind2=" ">
    <subfield code="a">Biblioteca del Seminario maggiore. Bressanone</subfield>
    <subfield code="1">BZ0013</subfield>
    <subfield code="2">ZBZ 05</subfield>
  </datafield>
  <datafield tag="899" ind1=" " ind2=" ">
    <subfield code="a">Biblioteca comunale Teresiana. Mantova</subfield>
    <subfield code="1">MN0035</subfield>
    <subfield code="2">LO1 12</subfield>
  </datafield>
  <datafield tag="899" ind1=" " ind2=" ">
    <subfield code="a">Biblioteca Estense Universitaria. Modena</subfield>
    <subfield code="1">MO0089</subfield>
    <subfield code="2">MOD BE</subfield>
  </datafield>
  <datafield tag="899" ind1=" " ind2=" ">
    <subfield code="a">Biblioteca Palatina. Parma</subfield>
    <subfield code="1">PR0072</subfield>
    <subfield code="2">PAR PA</subfield>
  </datafield>
  <datafield tag="899" ind1=" " ind2=" ">
    <subfield code="a">Biblioteca nazionale centrale. Roma</subfield>
    <subfield code="1">RM0267</subfield>
    <subfield code="2">BVE CR</subfield>
  </datafield>
</record>
</collection>
